<?xml version="1.0" encoding="UTF-8"?><collection xmlns="http://www.loc.gov/MARC21/slim"><record><leader>00587nam--2200193-i-4500</leader><controlfield tag="001">000028607</controlfield><controlfield tag="002">20161230</controlfield><controlfield tag="005">20161230201037</controlfield><controlfield tag="008">060222s1000------------r-----000-0-eng-d</controlfield><datafield ind1=" " ind2=" " tag="040"><subfield code="a">IFIN-HH</subfield></datafield><datafield ind1=" " ind2=" " tag="080"><subfield code="a">534.321.9</subfield></datafield><datafield ind1="1" ind2=" " tag="100"><subfield code="a">Herzfeld, Karl F</subfield></datafield><datafield ind1="1" ind2="0" tag="245"><subfield code="a">Pure and applied physics. vol. 7. absorption and dispersion of ultrasonic waves</subfield><subfield code="c">Karl f. herzfeld, th. e. litovitz</subfield></datafield><datafield ind1=" " ind2=" " tag="260"><subfield code="a">New York</subfield><subfield code="b">Academic Press</subfield><subfield code="c">1959</subfield></datafield><datafield ind1=" " ind2=" " tag="300"><subfield code="a">XVIII + 535P</subfield></datafield><datafield ind1=" " ind2=" " tag="490"><subfield code="a">A Series Of Monographs And Textbooks</subfield></datafield><datafield ind1="1" ind2=" " tag="700"><subfield code="a">Litovitz, Th.A</subfield></datafield><datafield ind1=" " ind2=" " tag="852"><subfield code="a">13428</subfield><subfield code="c">53</subfield></datafield><datafield ind1=" " ind2=" " tag="CAT"><subfield code="a">Sys</subfield><subfield code="c">20150204</subfield><subfield code="h">223130</subfield></datafield></record></collection>